
@misc{IZGcolors,
  title         = {Přednáška Barevný obraz a barevné modely, předmět Základy počítačové grafiky},
  author        = {Ing. Michal Španěl PhD.},
  year          = {2018},
  address       = {Fakulta informačních technologií Vysokého učení technologického v Brně}
}

@misc{WikipediaInfrared,
    title = {Infrared - Wikipedia},
    author = {Wikimedia Foundation},
    url = {https://en.wikipedia.org/wiki/Infrared},
    urldate = {2018-03-29}
}


@book{DetectorsBook,
    title = {Detektory pro bezdotykové měření teplot},
    author = {Vladimír Lysenko},
    isbn = {80-7300-180-2},
    year = {2005},
    publisher = {BEN - technická literatura}
}

@article{SnakeInfrared,
    title = {Molecular basis of infrared detection by snakes},
    author = {E.O. Gracheva and N.T. Ingolia},
    journal = {Nature},
    doi = {10.3410/f.2579956.2234055},
    year = {2010},
    publisher = {Macmillan Publishers}
}

@inbook{BodilySenses,
    author = {J. Brendan Ritchie and Peter Carruthers},
    title = {The bodily senses},
    crossref = {PhilosophyOfPerception}
}

@book{PhilosophyOfPerception,
    title = {The Oxford Handbook of Philosophy of Perception},
    author = {Mohan Matthen}, 
    isbn = {0-19-960047-3},
    year = {2015},
    publisher = {Oxford University Press}
}

@misc{IKRclassification,
  title = {Přednáška Úlohy klasifikace a rozpoznávání, základní schéma klasifikátoru, předmět Klasifikace a rozpoznávání},
  author = {doc. Ing. Burget Lukáš Ph.D.},
  year = {2018},
  address = {Fakulta informačních technologií Vysokého učení technologického v Brně}
}

